@inproceedings{Sredojev2015,
  doi = {10.1109/mipro.2015.7160422},
  url = {https://doi.org/10.1109/mipro.2015.7160422},
  year = {2015},
  month = may,
  publisher = {{IEEE}},
  author = {Branislav Sredojev and Dragan Samardzija and Dragan Posarac},
  title = {{WebRTC} technology overview and signaling solution design and implementation},
  booktitle = {2015 38th International Convention on Information and Communication Technology,  Electronics and Microelectronics ({MIPRO})}
}

@online{googledocs1,
  url = {https://drive.googleblog.com/2010/04/a-rebuilt-more-real-time-google.html},
  date = {2010-04-15},
  year = {2010},
  publisher = {Google Developers Blog},
  author = {Olga Belomestnykh},
  title = {{A rebuilt, more real time Google documents}},
  urldate = {15 September 2022 pukul 14.28},
}

@online{googledocs2,
  url = {https://drive.googleblog.com/2010/05/whats-different-about-new-google-docs.html},
  date = {2010-05-11},
  year = {2010},
  publisher = {Google Developers Blog},
  author = {Jeff Harris},
  title = {{What’s different about the new Google Docs?}},
  urldate = {15 September 2022 pukul 15.21},
}

@online{googledocs3,
  url = {https://drive.googleblog.com/2010/09/whats-different-about-new-google-docs.html},
  date = {2010-09-23},
  year = {2010},
  publisher = {Google Developers Blog},
  author = {John Day-Richter},
  title = {What’s different about the new Google Docs: Making collaboration fast},
  urldate = {15 September 2022 pukul 15.29},
}

@online{OTOverview1,
  url = {https://umm-csci.github.io/senior-seminar/seminars/spring2012/Smith.pdf},
  year = {2012},
  publisher = {University of Minnesota},
  author = {Zach Smith},
  title = {Overview of operational transformation},
  urldate = {18 September 2022 pukul 12.32},
}

@inproceedings{Sun1998,
  doi = {10.1145/289444.289469},
  url = {https://doi.org/10.1145/289444.289469},
  year = {1998},
  publisher = {{ACM} Press},
  author = {Chengzheng Sun and Clarence Ellis},
  title = {Operational transformation in real-time group editors},
  booktitle = {Proceedings of the 1998 {ACM} conference on Computer supported cooperative work  - {CSCW} {\textquotesingle}98}
}

@inproceedings{Sun2004,
  doi = {10.1145/1031607.1031681},
  url = {https://doi.org/10.1145/1031607.1031681},
  year = {2004},
  publisher = {{ACM} Press},
  author = {David Sun and Steven Xia and Chengzheng Sun and David Chen},
  title = {Operational transformation for collaborative word processing},
  booktitle = {Proceedings of the 2004 {ACM} conference on Computer supported cooperative work  - {CSCW} {\textquotesingle}04}
}

@inproceedings{Ellis1989,
  doi = {10.1145/67544.66963},
  url = {https://doi.org/10.1145/67544.66963},
  year = {1989},
  publisher = {{ACM} Press},
  author = {C. A. Ellis and S. J. Gibbs},
  title = {Concurrency control in groupware systems},
  booktitle = {Proceedings of the 1989 {ACM} {SIGMOD} international conference on Management of data  - {SIGMOD} {\textquotesingle}89}
}

@online{shareJS,
  url = {https://sharejs.org/},
  date = {2011-11-06},
  year = {2011},
  publisher = {ShareJS},
  author = {Joseph Gentle},
  title = {{ShareJS – Live concurrent editing in your app}},
  urldate = {16 September 2022 pukul 11.08},
}

@online{crdtLecture,
  url = {https://www.youtube.com/watch?v=M8-WFTjZoA0},
  date = {2020-03-23},
  year = {2020},
  publisher = {TL;DR},
  author = {Jonathan Lee Martin},
  title = {Conflict-Free Replicated Data Types ({CRDT}) for Distributed {JavaScript} Apps.
},
  urldate = {18 September 2022 pukul 14.14},
}

@incollection{Shapiro2011,
  doi = {10.1007/978-3-642-24550-3_29},
  url = {https://doi.org/10.1007/978-3-642-24550-3_29},
  year = {2011},
  publisher = {Springer Berlin Heidelberg},
  pages = {386--400},
  author = {Marc Shapiro and Nuno Pregui{\c{c}}a and Carlos Baquero and Marek Zawirski},
  title = {Conflict-Free Replicated Data Types},
  booktitle = {Lecture Notes in Computer Science}
}

@article{Saroiu2003,
  doi = {10.1007/s00530-003-0088-1},
  url = {https://doi.org/10.1007/s00530-003-0088-1},
  year = {2003},
  month = aug,
  publisher = {Springer Science and Business Media {LLC}},
  volume = {9},
  number = {2},
  pages = {170--184},
  author = {Stefan Saroiu and Krishna P. Gummadi and Steven D. Gribble},
  title = {Measuring and analyzing the characteristics of Napster and Gnutella hosts},
  journal = {Multimedia Systems}
}

@book{Vu2010,
  doi = {10.1007/978-3-642-03514-2},
  url = {https://doi.org/10.1007/978-3-642-03514-2},
  year = {2010},
  publisher = {Springer Berlin Heidelberg},
  author = {Quang Hieu Vu and Mihai Lupu and Beng Chin Ooi},
  title = {Peer-to-Peer Computing}
}

@misc{CRDToverview1,
  doi = {10.48550/ARXIV.1806.10254},
  url = {https://arxiv.org/abs/1806.10254},
  author = {Pregui\c{c}a,  Nuno},
  keywords = {Distributed,  Parallel,  and Cluster Computing (cs.DC),  Data Structures and Algorithms (cs.DS),  FOS: Computer and information sciences,  FOS: Computer and information sciences},
  title = {Conflict-free Replicated Data Types: An Overview},
  publisher = {arXiv},
  year = {2018},
  copyright = {arXiv.org perpetual,  non-exclusive license}
}

@article{CRDToverview2,
  doi = {10.48550/ARXIV.1805.06358},
  url = {https://arxiv.org/abs/1805.06358},
  author = {Pregui\c{c}a,  Nuno and Baquero,  Carlos and Shapiro,  Marc},
  title = {{Conflict-free Replicated Data Types (CRDTs)}},
  publisher = {arXiv},
  year = {2018},
  copyright = {arXiv.org perpetual,  non-exclusive license}
}

@inproceedings{Nicolaescu2016yjs,
  doi = {10.1145/2957276.2957310},
  url = {https://doi.org/10.1145/2957276.2957310},
  year = {2016},
  month = nov,
  publisher = {{ACM}},
  author = {Petru Nicolaescu and Kevin Jahns and Michael Derntl and Ralf Klamma},
  title = {Near Real-Time Peer-to-Peer Shared Editing on Extensible Data Types},
  booktitle = {Proceedings of the 19th International Conference on Supporting Group Work}
}

@article{Sun2020second,
  doi = {10.1145/3392825},
  url = {https://doi.org/10.1145/3392825},
  year = {2020},
  month = may,
  publisher = {Association for Computing Machinery ({ACM})},
  volume = {4},
  number = {{CSCW}1},
  pages = {1--30},
  author = {David Sun and Chengzheng Sun and Agustina Ng and Weiwei Cai},
  title = {Real Differences between {OT} and {CRDT} in Correctness and Complexity for Consistency Maintenance in Co-Editors},
  journal = {Proceedings of the {ACM} on Human-Computer Interaction}
}

@misc{Sun2019third,
  doi = {10.48550/ARXIV.1905.01517},
  url = {https://arxiv.org/abs/1905.01517},
  author = {Sun,  David and Sun,  Chengzheng and Ng,  Agustina and Cai,  Weiwei},
  keywords = {Distributed,  Parallel,  and Cluster Computing (cs.DC),  Human-Computer Interaction (cs.HC),  Software Engineering (cs.SE),  FOS: Computer and information sciences,  FOS: Computer and information sciences},
  title = {Real Differences between \textit{OT} and \textit{CRDT} in Building Co-Editing Systems and Real World Applications},
  publisher = {arXiv},
  year = {2019},
  copyright = {arXiv.org perpetual,  non-exclusive license}
}

@misc{Sun2019First,
  doi = {10.48550/ARXIV.1905.01518},
  url = {https://arxiv.org/abs/1905.01518},
  author = {Sun,  Chengzheng and Sun,  David and {Agustina} and Cai,  Weiwei},
  keywords = {Distributed,  Parallel,  and Cluster Computing (cs.DC),  Human-Computer Interaction (cs.HC),  Software Engineering (cs.SE),  FOS: Computer and information sciences,  FOS: Computer and information sciences},
  title = {Real Differences between \textit{OT} and \textit{CRDT} under a General Transformation Framework for Consistency Maintenance in Co-Editors},
  publisher = {arXiv},
  year = {2019},
  copyright = {arXiv.org perpetual,  non-exclusive license}
}

@article{arefin2013modified,
  title={Modified SACK-TCP and some Application Level Techniques to Support real-Time Application},
  author={Arefin, Syed Samsul and Azad, IBRAHIM and Kabir, HUMAYUN},
  journal={International Journal of Electrical and Computer Engineering (IJECE)},
  volume={6},
  pages={105--114},
  year={2013}
}

@techreport{fette2011websocket,
  title={The websocket protocol},
  author={Fette, Ian and Melnikov, Alexey},
  year={2011}
}

@article{reynolds2008web,
  title={Web 2.0--in your hand},
  author={Reynolds, Franklin},
  journal={IEEE Pervasive Computing},
  volume={8},
  number={1},
  pages={86--88},
  year={2008},
  publisher={IEEE}
}

@article{pimentel2012communicating,
  title={Communicating and displaying real-time data with websocket},
  author={Pimentel, Victoria and Nickerson, Bradford G},
  journal={IEEE Internet Computing},
  volume={16},
  number={4},
  pages={45--53},
  year={2012},
  publisher={IEEE}
}

@article{ganaputra2015asynchronous,
  title={Asynchronous publish/subscribe architecture over WebSocket for building real-time web applications},
  author={Ganaputra, Jastian and Pardamean, Bens},
  journal={Internetworking Indonesia},
  volume={7},
  number={2},
  pages={15--19},
  year={2015}
}

@inproceedings{sredojev2015webrtc,
  title={WebRTC technology overview and signaling solution design and implementation},
  author={Sredojev, Branislav and Samardzija, Dragan and Posarac, Dragan},
  booktitle={2015 38th international convention on information and communication technology, electronics and microelectronics (MIPRO)},
  pages={1006--1009},
  year={2015},
  organization={IEEE}
}

@article{dutton2012getting,
  title={Getting started with WebRTC},
  author={Dutton, Sam and others},
  journal={HTML5 Rocks},
  volume={23},
  year={2012}
}

@inproceedings{Sun2017,
  doi = {10.1145/2998181.2998252},
  url = {https://doi.org/10.1145/2998181.2998252},
  year = {2017},
  month = feb,
  publisher = {{ACM}},
  author = {Chengzheng Sun and Yi Xu and Agustina Ng},
  title = {Exhaustive Search and Resolution of Puzzles in {OT} Systems Supporting String-Wise Operations},
  booktitle = {Proceedings of the 2017 {ACM} Conference on Computer Supported Cooperative Work and Social Computing}
}

@inproceedings{leibnitz2007peer,
  title={Peer-to-peer vs. client/server: Reliability and efficiency of a content distribution service},
  author={Leibnitz, Kenji and Ho{\ss}feld, Tobias and Wakamiya, Naoki and Murata, Masayuki},
  booktitle={International Teletraffic Congress},
  pages={1161--1172},
  year={2007},
  organization={Springer}
}

@article{maly2003comparison,
  title={Comparison of centralized (client-server) and decentralized (peer-to-peer) networking},
  author={Maly, Robin Jan and Mischke, Jan and Kurtansky, Pascal and Stiller, Burkhard},
  journal={Semester thesis, ETH Zurich, Zurich, Switzerland},
  pages={1--12},
  year={2003}
}

@techreport{fielding1999hypertext,
  title={Hypertext transfer protocol--HTTP/1.1},
  author={Fielding, Roy and Gettys, Jim and Mogul, Jeffrey and Frystyk, Henrik and Masinter, Larry and Leach, Paul and Berners-Lee, Tim},
  year={1999}
}
@techreport{srinivasan1995rpc,
  title={RPC: Remote procedure call protocol specification version 2},
  author={Srinivasan, Raj},
  year={1995}
}

@misc{fietze2017http,
  title={HTTP/2 Streams: Is the Future of WebSockets decided?},
  author={Fietze, Max},
  year={2017},
  publisher={Faculty of Computer Science, TU Dresden. https://www. rn. inf. tu-dresden~…}
}

@misc{stenberg2014http2,
  title={HTTP2 explained},
  author={Stenberg, Daniel},
  journal={ACM SIGCOMM Computer Communication Review},
  volume={44},
  number={3},
  pages={120--128},
  year={2014},
  publisher={ACM New York, NY, USA}
}

@article{krishnamurthy1999key,
  title={Key differences between HTTP/1.0 and HTTP/1.1},
  author={Krishnamurthy, Balachander and Mogul, Jeffrey C and Kristol, David M},
  journal={Computer Networks},
  volume={31},
  number={11-16},
  pages={1737--1751},
  year={1999},
  publisher={Elsevier}
}

@online{http3usage,
  url = {https://w3techs.com/technologies/details/ce-http3},
  year = {2022},
  publisher = {{W3Techs}},
  author = {W3Techs},
  title = {Usage statistics of {HTTP/3} for websites},
}

@online{http2usage,
  url = {https://w3techs.com/technologies/details/ce-http2},
  year = {2022},
  publisher = {{W3Techs}},
  author = {W3Techs},
  title = {Usage statistics of {HTTP/2} for websites},
}
@online{overviewusage,
  url = {https://w3techs.com/technologies/overview/site_element},
  year = {2022},
  publisher = {{W3Techs}},
  author = {W3Techs},
  title = {Usage statistics of site elements for websites},
}

@misc{fielding2015hypertext,
  title={Hypertext Transfer Protocol (HTTP/1.1): Message Syntax and Routing, IETF RFC 7230},
  author={Fielding, R and Reschke, J},
  year={2015}
}

@techreport{belshe2015hypertext,
  title={Hypertext transfer protocol version 2 (HTTP/2)},
  author={Belshe, Mike and Peon, Roberto and Thomson, Martin},
  year={2015}
}

@techreport{ietf-webtrans-http3-03,
    number =    {draft-ietf-webtrans-http3-03},
    type =      {Internet-Draft},
    institution =   {Internet Engineering Task Force},
    publisher = {Internet Engineering Task Force},
    note =      {Work in Progress},
    url =       {https://datatracker.ietf.org/doc/draft-ietf-webtrans-http3/03/},
        author =    {Alan Frindell and Eric Kinnear and Victor Vasiliev},
    title =     {{WebTransport over HTTP/3}},
    pagetotal = 15,
    year =      2022,
    month =     jul,
    day =       6,
    abstract =  {WebTransport {[}OVERVIEW{]} is a protocol framework that enables clients constrained by the Web security model to communicate with a remote server using a secure multiplexed transport. This document describes a WebTransport protocol that is based on HTTP/3 {[}HTTP3{]} and provides support for unidirectional streams, bidirectional streams and datagrams, all multiplexed within the same HTTP/3 connection.},
}

@misc{rfc9114,
    series =    {Request for Comments},
    number =    9114,
    howpublished =  {RFC 9114},
    publisher = {RFC Editor},
    doi =       {10.17487/RFC9114},
    url =       {https://www.rfc-editor.org/info/rfc9114},
        author =    {Mike Bishop},
    title =     {{HTTP/3}},
    pagetotal = 57,
    year =      2022,
    month =     jun,
    abstract =  {The QUIC transport protocol has several features that are desirable in a transport for HTTP, such as stream multiplexing, per-stream flow control, and low-latency connection establishment. This document describes a mapping of HTTP semantics over QUIC. This document also identifies HTTP/2 features that are subsumed by QUIC and describes how HTTP/2 extensions can be ported to HTTP/3.},
}